<record><leader>00000cas a22000007a 4500</leader><controlfield tag="001">15360387</controlfield><controlfield tag="008">870324d19591971nyuir ne      0    0eng d</controlfield><datafield ind1=" " ind2=" " tag="010"><subfield code="a">sn 87028292 </subfield></datafield><datafield ind1=" " ind2=" " tag="040"><subfield code="a">NYS</subfield><subfield code="b">eng</subfield><subfield code="c">NYS</subfield><subfield code="d">OCLCQ</subfield></datafield><datafield ind1=" " ind2=" " tag="042"><subfield code="a">msc</subfield></datafield><datafield ind1="0" ind2="4" tag="245"><subfield code="a">The Saugerties post.</subfield></datafield><datafield ind1="3" ind2="0" tag="246"><subfield code="a">Saugerties post and the Kingston Ulster press</subfield></datafield><datafield ind1=" " ind2=" " tag="260"><subfield code="a">Saugerties, N.Y. :</subfield><subfield code="b">Saugerties Daily Post Inc.,</subfield><subfield code="c">1959-</subfield></datafield><datafield ind1=" " ind2=" " tag="300"><subfield code="a">v. :</subfield><subfield code="b">ill.</subfield></datafield><datafield ind1=" " ind2=" " tag="310"><subfield code="a">Triweekly</subfield></datafield><datafield ind1="0" ind2=" " tag="362"><subfield code="a">83rd year, no. 65 (May 19, 1959)-</subfield></datafield><datafield ind1="1" ind2=" " tag="362"><subfield code="a">Ceased in May 1971?</subfield></datafield><datafield ind1=" " ind2=" " tag="500"><subfield code="a">Published in conjuction with: Kingston Ulster press on Thursdays, May 21-&lt;July 9, 1959&gt; as: Saugerties post and the Kingston Ulster press.</subfield></datafield><datafield ind1=" " ind2=" " tag="580"><subfield code="a">Merged with: Catskill Mountain star of Saugerties, and: Kingstonian (Kingston, N.Y.), and: Woodstock record press, to form: Saugerties post star.</subfield></datafield><datafield ind1=" " ind2="4" tag="651"><subfield code="a">Saugerties (N.Y.)</subfield><subfield code="v">Newspapers.</subfield></datafield><datafield ind1=" " ind2=" " tag="752"><subfield code="a">United States</subfield><subfield code="b">New York</subfield><subfield code="c">Ulster</subfield><subfield code="d">Saugerties.</subfield></datafield><datafield ind1="0" ind2="0" tag="780"><subfield code="t">Saugerties daily post</subfield><subfield code="w">(DLC)sn 87028291</subfield></datafield><datafield ind1="1" ind2="7" tag="785"><subfield code="t">Catskill Mountain star of Saugerties</subfield><subfield code="w">(DLC)sn 90066284</subfield><subfield code="w">(OCoLC)22496390</subfield></datafield><datafield ind1="1" ind2="7" tag="785"><subfield code="t">Kingstonian (Kingston, N.Y.)</subfield><subfield code="w">(DLC)sn 90066359</subfield><subfield code="w">(OCoLC)22840813</subfield></datafield><datafield ind1="1" ind2="7" tag="785"><subfield code="t">Woodstock record press</subfield><subfield code="w">(DLC)sn 90066350</subfield><subfield code="w">(OCoLC)22769031</subfield></datafield><datafield ind1="1" ind2="7" tag="785"><subfield code="t">Saugerties post star</subfield><subfield code="w">(DLC)sn 87070065</subfield><subfield code="w">(OCoLC)15989749</subfield></datafield><datafield ind1="1" ind2=" " tag="029"><subfield code="a">AU@</subfield><subfield code="b">000025823206</subfield></datafield></record>